@InCollection{Benjamin2019,
  author    = {Daniel J. Benjamin},
  booktitle = {Handbook of Behavioral Economics - Foundations and Applications 2},
  publisher = {Elsevier},
  title     = {Errors in Probabilistic Reasoning and Judgment Biases},
  year      = {2019},
  pages     = {69--186},
  doi       = {10.1016/bs.hesbe.2018.11.002},
}

@TechReport{Commission2018,
  author = {{European Commission}},
  title  = {Fake News and Disinformation Online},
  year   = {2018},
}

@Article{Goncalves2022,
  author    = {Duarte Goncalves and Jonathan Libgober and Jack Willis},
  journal   = {NBER Working Paper},
  title     = {Learning versus Unlearning: An Experiment on Retractions},
  year      = {2022},
  doi       = {10.3386/w29512},
  publisher = {National Bureau of Economic Research},
}

@Article{Goncalves2021,
  author    = {Duarte Goncalves and Jonathan Libgober and Jack Willis},
  journal   = {NBER Working Paper},
  title     = {Learning versus Unlearning: An Experiment on Retractions},
  year      = {2021},
  publisher = {National Bureau of Economic Research},
}

@Article{Meyer2020,
  author    = {Marco Meyer and Mark Alfano and Boudewijn de Bruin},
  journal   = {{SSRN} Electronic Journal},
  title     = {Epistemic Vice Predicts Acceptance of COVID-19 Misinformation},
  year      = {2020},
  doi       = {10.2139/ssrn.3644356},
  publisher = {Elsevier {BV}},
}

@Article{Lewandowsky2012,
  author    = {Stephan Lewandowsky and Ullrich K. H. Ecker and Colleen M. Seifert and Norbert Schwarz and John Cook},
  journal   = {Psychological Science in the Public Interest},
  title     = {Misinformation and Its Correction},
  year      = {2012},
  number    = {3},
  pages     = {106--131},
  volume    = {13},
  doi       = {10.1177/1529100612451018},
  publisher = {{SAGE} Publications},
}

@Article{Ecker2022,
  author    = {Ullrich K. H. Ecker and Stephan Lewandowsky and John Cook and Philipp Schmid and Lisa K. Fazio and Nadia Brashier and Panayiota Kendeou and Emily K. Vraga and Michelle A. Amazeen},
  journal   = {Nature Reviews Psychology},
  title     = {The psychological drivers of misinformation belief and its resistance to correction},
  year      = {2022},
  number    = {1},
  pages     = {13--29},
  volume    = {1},
  doi       = {10.1038/s44159-021-00006-y},
  publisher = {Springer Science and Business Media {LLC}},
}

@Article{Chen2016,
  author    = {Daniel L. Chen and Martin Schonger and Chris Wickens},
  journal   = {Journal of Behavioral and Experimental Finance},
  title     = {{oTree} - An Open-Source Platform for Laboratory, Online, and Field Experiments},
  year      = {2016},
  doi       = {10.2139/ssrn.2806713},
  publisher = {Elsevier {BV}},
}

@Article{Heap2021,
  author  = {Heap, Shaun P. Hargreaves and Karadimitropoulou, Aikaterini and Levi, Eugenio},
  journal = {MUNI ECON Working Paper},
  title   = {Narrative based information: is it the facts or their packaging that matters?},
  year    = {2021},
}

@Article{Liang2020,
  author    = {Yucheng Liang},
  journal   = {{SSRN} Electronic Journal},
  title     = {Learning from Unknown Information Sources},
  year      = {2020},
  doi       = {10.2139/ssrn.3314789},
  publisher = {Elsevier {BV}},
}

@Article{Rodriguez2020,
  author    = {Oscar David Barrera Rodriguez and Sergei M. Guriev and Emeric Henry and Ekaterina Zhuravskaya},
  journal   = {Journal of Public Economics},
  title     = {Facts, Alternative Facts, and Fact Checking in Times of Post-Truth Politics},
  year      = {2020},
  doi       = {10.2139/ssrn.3004631},
  publisher = {Elsevier {BV}},
}

@Article{Robalo2018,
  author    = {Pedro Robalo and Rei Sayag},
  journal   = {Journal of Economic Behavior and Organization},
  title     = {Paying is believing: The effect of costly information on Bayesian updating},
  year      = {2018},
  pages     = {114--125},
  volume    = {156},
  doi       = {10.1016/j.jebo.2018.09.016},
  publisher = {Elsevier {BV}},
}

@Article{Falk2018,
  author    = {Armin Falk and Florian Zimmermann},
  journal   = {The Economic Journal},
  title     = {Information Processing and Commitment},
  year      = {2018},
  number    = {613},
  pages     = {1983--2002},
  volume    = {128},
  doi       = {10.1111/ecoj.12542},
  publisher = {Oxford University Press ({OUP})},
}

@Article{Thaler2021,
  author    = {Thaler, Michael},
  journal   = {{SSRN} Electronic Journal},
  title     = {Overinference from Weak Signals, Underinference from Strong Signals, and the Psychophysics of Interpreting Information},
  year      = {2021},
  copyright = {Creative Commons Attribution 4.0 International},
  doi       = {10.48550/ARXIV.2109.09871},
  publisher = {arXiv},
}

@Article{Pennycook2021,
  author    = {Gordon Pennycook and David G. Rand},
  journal   = {Trends in Cognitive Sciences},
  title     = {The Psychology of Fake News},
  year      = {2021},
  number    = {5},
  pages     = {388--402},
  volume    = {25},
  doi       = {10.1016/j.tics.2021.02.007},
  publisher = {Elsevier {BV}},
}

@Article{Phillips1966,
  author    = {Lawrence D. Phillips and Ward Edwards},
  journal   = {Journal of Experimental Psychology},
  title     = {Conservatism in a simple probability inference task.},
  year      = {1966},
  number    = {3},
  pages     = {346--354},
  volume    = {72},
  doi       = {10.1037/h0023653},
  publisher = {American Psychological Association ({APA})},
}

@Article{Tversky1971,
  author    = {Amos Tversky and Daniel Kahneman},
  journal   = {Psychological Bulletin},
  title     = {Belief in the law of small numbers.},
  year      = {1971},
  number    = {2},
  pages     = {105--110},
  volume    = {76},
  doi       = {10.1037/h0031322},
  publisher = {American Psychological Association ({APA})},
}

@Article{Tversky1974,
  author    = {Amos Tversky and Daniel Kahneman},
  journal   = {Science},
  title     = {Judgment under Uncertainty: Heuristics and Biases},
  year      = {1974},
  number    = {4157},
  pages     = {1124--1131},
  volume    = {185},
  doi       = {10.1126/science.185.4157.1124},
  publisher = {American Association for the Advancement of Science ({AAAS})},
}

@Article{Grether1980,
  author    = {David M. Grether},
  journal   = {The Quarterly Journal of Economics},
  title     = {Bayes Rule as a Descriptive Model: The Representativeness Heuristic},
  year      = {1980},
  number    = {3},
  pages     = {537},
  volume    = {95},
  doi       = {10.2307/1885092},
  publisher = {Oxford University Press ({OUP})},
}

@Article{Danz2020,
  author  = {David Danz and Lise Vesterlund and Alistair Wilson},
  journal = {NBER Working Paper},
  title   = {Belief Elicitation: Limiting Truth Telling with Information on Incentives},
  year    = {2020},
  doi     = {10.3386/w27327},
}

@Misc{PewResearch2022,
  author = {PewResearch},
  title  = {Journalists Sense Turmoil in Their Industry Amid Continued Passion for Their Work},
  year   = {2022},
  url    = {https://www.pewresearch.org/journalism/2022/06/14/journalists-sense-turmoil-in-their-industry-amid-continued-passion-for-their-work/},
}

@Misc{NewsGuard2022,
  author = {NewsGuard},
  title  = {Misinformation Monitor: September 2022},
  year   = {2022},
  url    = {https://www.newsguardtech.com/misinformation-monitor/september-2022/},
}

@Article{Marwick2017,
  author  = {Marwick, Alice and Lewis, Rebecca},
  journal = {New York: Data \& Society Research Institute},
  title   = {Media manipulation and disinformation online},
  year    = {2017},
  pages   = {7--19},
}

@Article{Walter2020,
  author    = {Nathan Walter and Jonathan Cohen and R. Lance Holbert and Yasmin Morag},
  journal   = {Political Communication},
  title     = {Fact-Checking: A Meta-Analysis of What Works and for Whom},
  year      = {2020},
  number    = {3},
  pages     = {350-375},
  volume    = {37},
  doi       = {10.1080/10584609.2019.1668894},
  publisher = {Routledge},
}

@Article{Clayton2020,
  author    = {Clayton, Katherine and Blair, Spencer and Busam, Jonathan A and Forstner, Samuel and Glance, John and Green, Guy and Kawata, Anna and Kovvuri, Akhila and Martin, Jonathan and Morgan, Evan and others},
  journal   = {Political Behavior},
  title     = {Real solutions for fake news? Measuring the effectiveness of general warnings and fact-check tags in reducing belief in false stories on social media},
  year      = {2020},
  number    = {4},
  pages     = {1073--1095},
  volume    = {42},
  publisher = {Springer},
}

@Article{Uscinski2020,
  author  = {Uscinski, Joseph E and Enders, Adam M and Klofstad, Casey and Seelig, Michelle and Funchion, John and Everett, Caleb and Wuchty, Stefan and Premaratne, Kamal and Murthi, Manohar},
  journal = {Harvard Kennedy School Misinformation Review},
  title   = {Why do people believe COVID-19 conspiracy theories?},
  year    = {2020},
  number  = {3},
  volume  = {1},
}

@Article{Nieminen2018,
  author    = {Sakari Nieminen and Lauri Rapeli},
  journal   = {Political Studies Review},
  title     = {Fighting Misperceptions and Doubting Journalists' Objectivity: A Review of Fact-checking Literature},
  year      = {2018},
  month     = {jul},
  number    = {3},
  pages     = {296--309},
  volume    = {17},
  doi       = {10.1177/1478929918786852},
  publisher = {{SAGE} Publications},
}

@Article{Thorson2015,
  author    = {Emily Thorson},
  journal   = {Political Communication},
  title     = {Belief Echoes: The Persistent Effects of Corrected Misinformation},
  year      = {2015},
  month     = {nov},
  number    = {3},
  pages     = {460--480},
  volume    = {33},
  doi       = {10.1080/10584609.2015.1102187},
  publisher = {Informa {UK} Limited},
}

@Article{Epstein2021,
  author = {Epstein, Larry G and Halevy, Yoram},
  title  = {Hard-to-Interpret Signals},
  year   = {2021},
}

@Article{Shishkin2021,
  author = {Shishkin, Denis and Ortoleva, Pietro},
  title  = {Ambiguous information and dilation: An experiment},
  year   = {2021},
}

@Article{Johnson1994,
  author    = {Johnson, Hollyn M and Seifert, Colleen M},
  journal   = {Journal of Experimental Psychology: Learning, Memory, and Cognition},
  title     = {Sources of the continued influence effect: When misinformation in memory affects later inferences.},
  year      = {1994},
  number    = {6},
  pages     = {1420},
  volume    = {20},
  publisher = {American Psychological Association},
}

@Article{Roets2017,
  author    = {Roets, Arne and others},
  journal   = {Intelligence},
  title     = {‘Fake news’: Incorrect, but hard to correct. The role of cognitive ability on the impact of false information on social impressions},
  year      = {2017},
  pages     = {107--110},
  volume    = {65},
  publisher = {Elsevier},
}

@Article{Ecker2010,
  author    = {Ecker, Ullrich KH and Lewandowsky, Stephan and Tang, David TW},
  journal   = {Memory \& Cognition},
  title     = {Explicit warnings reduce but do not eliminate the continued influence of misinformation},
  year      = {2010},
  number    = {8},
  pages     = {1087--1100},
  volume    = {38},
  publisher = {Springer},
}

@Article{Orear2020,
  author    = {O'Rear, Andrea E and Radvansky, Gabriel A},
  journal   = {Memory \& Cognition},
  title     = {Failure to accept retractions: A contribution to the continued influence effect},
  year      = {2020},
  number    = {1},
  pages     = {127--144},
  volume    = {48},
  publisher = {Springer},
}

@Article{Charness2021,
  author    = {Gary Charness and Ryan Oprea and Sevgi Yuksel},
  journal   = {Journal of the European Economic Association},
  title     = {How do People Choose Between Biased Information Sources? Evidence from a Laboratory Experiment},
  year      = {2021},
  month     = {jan},
  number    = {3},
  pages     = {1656--1691},
  volume    = {19},
  doi       = {10.1093/jeea/jvaa051},
  publisher = {Oxford University Press ({OUP})},
}

@Article{Enke2020,
  author    = {Benjamin Enke and Frederik Schwerter and Florian Zimmermann},
  journal   = {NBER Working Paper},
  title     = {Associative Memory and Belief Formation},
  year      = {2020},
  month     = {jan},
  doi       = {10.3386/w26664},
  publisher = {National Bureau of Economic Research},
}

@Article{Hoppe2011,
  author    = {Eva I. Hoppe and David J. Kusterer},
  journal   = {Economics Letters},
  title     = {Behavioral biases and cognitive reflection},
  year      = {2011},
  month     = {feb},
  number    = {2},
  pages     = {97--100},
  volume    = {110},
  doi       = {10.1016/j.econlet.2010.11.015},
  publisher = {Elsevier {BV}},
}

@Comment{jabref-meta: databaseType:bibtex;}
